@misc{bibtest,
    author          =   "Anders Kofod-Petersen",
    title           =   "Det intelligente transportsystemet",
    institution     =   "NTNU",
    howpublished    =   "\url{http://www.ntnu.no/eit/tdt4853}",
    note			= 	{[Lest: 25-03-2015]}
}

@article{Kuijpers2014841,
title = "Optimizing off-lattice Diffusion-Limited Aggregation ",
journal = "Computer Physics Communications ",
volume = "185",
number = "3",
pages = "841 - 846",
year = "2014",
note = "",
issn = "0010-4655",
doi = "http://dx.doi.org/10.1016/j.cpc.2013.12.003",
url = "http://www.sciencedirect.com/science/article/pii/S0010465513004153",
author = "Kasper R. Kuijpers and Lilian de Mart√≠n and J. Ruud van Ommen",
keywords = "DLA",
keywords = "Agglomerates",
keywords = "Algorithm "
}

@article{PhysRevLett.47.1400,
  title = {Diffusion-Limited Aggregation, a Kinetic Critical Phenomenon},
  author = {Witten, T. A. and Sander, L. M.},
  journal = {Phys. Rev. Lett.},
  volume = {47},
  issue = {19},
  pages = {1400--1403},
  numpages = {0},
  year = {1981},
  month = {Nov},
  publisher = {American Physical Society},
  doi = {10.1103/PhysRevLett.47.1400},
  url = {http://link.aps.org/doi/10.1103/PhysRevLett.47.1400}
}