@article{Kuijpers2014841,
title = "Optimizing off-lattice Diffusion-Limited Aggregation ",
journal = "Computer Physics Communications ",
volume = "185",
number = "3",
pages = "841 - 846",
year = "2014",
note = "",
issn = "0010-4655",
doi = "http://dx.doi.org/10.1016/j.cpc.2013.12.003",
url = "http://www.sciencedirect.com/science/article/pii/S0010465513004153",
author = "Kasper R. Kuijpers and Lilian de Martín and J. Ruud van Ommen",
keywords = "DLA",
keywords = "Agglomerates",
keywords = "Algorithm "
}

@article{PhysRevLett.47.1400,
  title = {Diffusion-Limited Aggregation, a Kinetic Critical Phenomenon},
  author = {Witten, T. A. and Sander, L. M.},
  journal = {Phys. Rev. Lett.},
  volume = {47},
  issue = {19},
  pages = {1400--1403},
  numpages = {0},
  year = {1981},
  month = {Nov},
  publisher = {American Physical Society},
  doi = {10.1103/PhysRevLett.47.1400},
  url = {http://link.aps.org/doi/10.1103/PhysRevLett.47.1400}
}

@inproceedings{eden1961,
address = "Berkeley, Calif.",
author = "Eden, Murray",
booktitle = "Proceedings of the Fourth Berkeley Symposium on Mathematical Statistics and Probability, Volume 4: Contributions to Biology and Problems of Medicine",
pages = "223--239",
publisher = "University of California Press",
title = "A Two-dimensional Growth Process",
url = "http://projecteuclid.org/euclid.bsmsp/1200512888",
year = "1961"
}

@book{barabási1995fractal,
  title={Fractal Concepts in Surface Growth},
  author={Barab{\'a}si, A.L. and Stanley, H.E.},
  isbn={9780521483186},
  lccn={lc94037111},
  url={https://books.google.no/books?id=W4SqcNr8PLYC},
  year={1995},
  publisher={Cambridge University Press}
}

@article{PhysRevE.73.011407,
  title = {Test of multiscaling in a diffusion-limited-aggregation model using an off-lattice killing-free algorithm},
  author = {Menshutin, Anton Yu. and Shchur, Lev N.},
  journal = {Phys. Rev. E},
  volume = {73},
  issue = {1},
  pages = {011407},
  numpages = {8},
  year = {2006},
  month = {Jan},
  publisher = {American Physical Society},
  doi = {10.1103/PhysRevE.73.011407},
  url = {http://link.aps.org/doi/10.1103/PhysRevE.73.011407}
}

@article{PhysRevLett.51.1119,
  title = {Formation of Fractal Clusters and Networks by Irreversible Diffusion-Limited Aggregation},
  author = {Meakin, Paul},
  journal = {Phys. Rev. Lett.},
  volume = {51},
  issue = {13},
  pages = {1119--1122},
  numpages = {0},
  year = {1983},
  month = {Sep},
  publisher = {American Physical Society},
  doi = {10.1103/PhysRevLett.51.1119},
  url = {http://link.aps.org/doi/10.1103/PhysRevLett.51.1119}
}

@article{PhysRevLett.52.1669,
  title = {Dynamic Scaling for Aggregation of Clusters},
  author = {Vicsek, Tam\'as and Family, Fereydoon},
  journal = {Phys. Rev. Lett.},
  volume = {52},
  issue = {19},
  pages = {1669--1672},
  numpages = {0},
  year = {1984},
  month = {May},
  publisher = {American Physical Society},
  doi = {10.1103/PhysRevLett.52.1669},
  url = {http://link.aps.org/doi/10.1103/PhysRevLett.52.1669}
}

@article{PhysRevB.31.564,
  title = {Dynamic cluster-size distribution in cluster-cluster aggregation: Effects of cluster diffusivity},
  author = {Meakin, Paul and Vicsek, Tam\'as and Family, Fereydoon},
  journal = {Phys. Rev. B},
  volume = {31},
  issue = {1},
  pages = {564--569},
  numpages = {0},
  year = {1985},
  month = {Jan},
  publisher = {American Physical Society},
  doi = {10.1103/PhysRevB.31.564},
  url = {http://link.aps.org/doi/10.1103/PhysRevB.31.564}
}

@article{PhysRevLett.51.1123,
  title = {Scaling of Kinetically Growing Clusters},
  author = {Kolb, M. and Botet, R. and Jullien, R.},
  journal = {Phys. Rev. Lett.},
  volume = {51},
  issue = {13},
  pages = {1123--1126},
  numpages = {0},
  year = {1983},
  month = {Sep},
  publisher = {American Physical Society},
  doi = {10.1103/PhysRevLett.51.1123},
  url = {http://link.aps.org/doi/10.1103/PhysRevLett.51.1123}
}
